<?xml version="1.0" encoding="utf-8"?>
<record xmlns="http://www.loc.gov/MARC21/slim" xmlns:xsi="http://www.w3.org/2001/XMLSchema-instance" xsi:schemaLocation="http://www.loc.gov/MARC21/slim http://www.loc.gov/standards/marcxml/schema/MARC21slim.xsd">
	<leader>     nam a22     Mi 4500</leader>
	<controlfield tag="001">b12454473</controlfield>
	<controlfield tag="003">LeBAU</controlfield>
	<controlfield tag="006">m        d        </controlfield>
	<controlfield tag="007">cr cn |||m|||a</controlfield>
	<controlfield tag="008">210702s1940    ua abcf ob    ||1 0 ara d</controlfield>
	<datafield ind1=" " ind2=" " tag="040">
		<subfield code="a">ZYU</subfield>
		<subfield code="b">ara</subfield>
		<subfield code="e">rda</subfield>
		<subfield code="c">ZYU</subfield>
	</datafield>
	<datafield ind1=" " ind2=" " tag="043">
		<subfield code="a">f-ua---</subfield>
	</datafield>
	<datafield ind1="0" ind2="4" tag="082">
		<subfield code="a">962</subfield>
		<subfield code="2">23</subfield>
	</datafield>
	<datafield ind1="1" ind2=" " tag="100">
		<subfield code="6">880-01</subfield>
		<subfield code="a">Ṭūsūn, ʻUmar,</subfield>
		<subfield code="c">Prince,</subfield>
		<subfield code="d">1872-1944.</subfield>
		<subfield code="e">author.</subfield>
		<subfield code="0">https://lccn.loc.gov/n84173650 ,</subfield>
	</datafield>
	<datafield ind1="1" ind2="0" tag="245">
		<subfield code="6">880-02</subfield>
		<subfield code="a">Ṣafḥah min tārīkh Miṣr fī ʻahd Muḥammad ʻAlī :</subfield>
		<subfield code="b">al-jaysh al-Miṣrī al-barrī wa-al-baḥrī /</subfield>
		<subfield code="c">lil-Amīr ʻUmar Ṭūsūn.</subfield>
	</datafield>
	<datafield ind1=" " ind2="1" tag="264">
		<subfield code="6">880-03</subfield>
		<subfield code="a">al-Qāhirah :</subfield>
		<subfield code="b">Maṭbaʻat Dār al-Kutub al-Miṣrīyah,</subfield>
		<subfield code="c">1359 H. = 1940 M.</subfield>
	</datafield>
	<datafield ind1=" " ind2=" " tag="300">
		<subfield code="6">880-04</subfield>
		<subfield code="a">online resource (1 volume (various pagings)) :</subfield>
		<subfield code="b">illustrations (some color), folded map, portraits (some color)</subfield>
	</datafield>
	<datafield ind1=" " ind2=" " tag="336">
		<subfield code="a">text</subfield>
		<subfield code="2">rdacontent</subfield>
	</datafield>
	<datafield ind1=" " ind2=" " tag="337">
		<subfield code="a">computer</subfield>
		<subfield code="2">rdamedia</subfield>
	</datafield>
	<datafield ind1=" " ind2=" " tag="338">
		<subfield code="a">online resource</subfield>
		<subfield code="2">rdacarrier</subfield>
	</datafield>
	<datafield ind1=" " ind2=" " tag="500">
		<subfield code="a">Part of the Arabic Collections Online (ACO) project, contributed by American University of Beirut's Jafet Memorial Library.</subfield>
	</datafield>
	<datafield ind1=" " ind2=" " tag="533">
		<subfield code="a">Electronic reproduction.</subfield>
		<subfield code="b">New York, N.Y. :</subfield>
		<subfield code="c">New York University,</subfield>
		<subfield code="d">2021.</subfield>
		<subfield code="5">NNU</subfield>
	</datafield>
	<datafield ind1="1" ind2="0" tag="610">
		<subfield code="6">880-05</subfield>
		<subfield code="a">Egypt.</subfield>
		<subfield code="b">Navy.</subfield>
	</datafield>
	<datafield ind1="1" ind2="0" tag="610">
		<subfield code="6">880-06</subfield>
		<subfield code="a">Egypt.</subfield>
		<subfield code="b">Army.</subfield>
	</datafield>
	<datafield ind1=" " ind2="0" tag="651">
		<subfield code="6">880-07</subfield>
		<subfield code="a">Egypt</subfield>
		<subfield code="x">History, Military.</subfield>
	</datafield>
	<datafield ind1="2" ind2=" " tag="710">
		<subfield code="a">Jafet Memorial Library.</subfield>
	</datafield>
	<datafield ind1="0" ind2=" " tag="730">
		<subfield code="a">Arabic Collections Online.</subfield>
	</datafield>
	<datafield ind1="0" ind2="8" tag="775">
		<subfield code="6">880-08</subfield>
		<subfield code="i">is reprinted as (manifestation)</subfield>
		<subfield code="4">http://rdaregistry.info/Elements/m/P30038 :</subfield>
		<subfield code="a">Ṭūsūn, ʻUmar, Prince, 1872-1944.</subfield>
		<subfield code="t">Ṣafḥah min tārīkh Miṣr fī ʻahd Muḥammad ʻAlī : al-jaysh al-Miṣrī al-barrī wa-al-baḥrī.</subfield>
		<subfield code="d">al-Qāhirah : Maktabat Madbūlī, 1410 H. = 1990 M.</subfield>
		<subfield code="w">(OCoLC)784485421</subfield>
		<subfield code="w">(OCoLC)784485421</subfield>
	</datafield>
	<datafield ind1="0" ind2="8" tag="776">
		<subfield code="i">Print version:</subfield>
		<subfield code="a">Ṭūsūn, ʻUmar, Prince, 1872-1944. author. https://lccn.loc.gov/n84173650 ,</subfield>
		<subfield code="t">Ṣafḥah min tārīkh Miṣr fī ʻahd Muḥammad ʻAlī</subfield>
		<subfield code="w">(LeBAU)b12454473</subfield>
	</datafield>
	<datafield ind1="4" ind2="0" tag="856">
		<subfield code="u">http://hdl.handle.net/2333.1/msbccd2m</subfield>
	</datafield>
	<datafield ind1="1" ind2=" " tag="880">
		<subfield code="6">100-01</subfield>
		<subfield code="a">طوسون، عمر،</subfield>
		<subfield code="c">الامير،</subfield>
		<subfield code="d">1872-1944،</subfield>
		<subfield code="0">https://lccn.loc.gov/n84173650 ,</subfield>
		<subfield code="e">مؤلف.</subfield>
		<subfield code="4">aut.</subfield>
	</datafield>
	<datafield ind1="1" ind2="0" tag="880">
		<subfield code="6">245-02</subfield>
		<subfield code="a">صفحة من تاريخ مصر في عهد محمد علي :</subfield>
		<subfield code="b">الجيش المصري البري والبحري /</subfield>
		<subfield code="c">للأمير عمر طوسون.</subfield>
	</datafield>
	<datafield ind1=" " ind2="1" tag="880">
		<subfield code="6">264-03</subfield>
		<subfield code="a">القاهرة :</subfield>
		<subfield code="b">مطبعة دار الكتب المصرية،</subfield>
		<subfield code="c">1359 هـ. = 1940 م.</subfield>
	</datafield>
	<datafield ind1=" " ind2=" " tag="880">
		<subfield code="6">300-04</subfield>
		<subfield code="a">1 جزء (متعدد الترقيم)، 42 ورقة لوحات غير مرقمة:</subfield>
		<subfield code="b">مصورات (بعضها ملون)، خريطة مطوية، صور شخصانية (بعضها ملون) ؛</subfield>
		<subfield code="c">27 سم</subfield>
	</datafield>
	<datafield ind1=" " ind2=" " tag="880">
		<subfield code="6">504-00</subfield>
		<subfield code="a">يتضمن مراجع ببليوغرافية (صفحات ا-ب) وكشافات.</subfield>
	</datafield>
	<datafield ind1="1" ind2="4" tag="880">
		<subfield code="6">610-05</subfield>
		<subfield code="a">مصر.</subfield>
		<subfield code="b">البحرية</subfield>
	</datafield>
	<datafield ind1="1" ind2="4" tag="880">
		<subfield code="6">610-06</subfield>
		<subfield code="a">مصر.</subfield>
		<subfield code="b">الجيش</subfield>
	</datafield>
	<datafield ind1=" " ind2="4" tag="880">
		<subfield code="6">651-07</subfield>
		<subfield code="a">مصر</subfield>
		<subfield code="x">التاريخ العسكري.</subfield>
	</datafield>
	<datafield ind1="0" ind2="8" tag="880">
		<subfield code="6">775-08</subfield>
		<subfield code="i">اعيد إصداره ك (تجسيدة)</subfield>
		<subfield code="4">http://rdaregistry.info/Elements/m/P30038 :</subfield>
		<subfield code="a">طوسون، عمر، الامير، 1872-1944.</subfield>
		<subfield code="t">صفحة من تاريخ مصر في عهد محمد علي : الجيش المصري البري والبحري.</subfield>
		<subfield code="d">القاهرة : مكتبة مدبولي، 1410 هـ. = 1990 م.</subfield>
		<subfield code="w">(LEAUB)b12726187</subfield>
		<subfield code="w">(OCoLC)784485421</subfield>
	</datafield>
	<datafield ind1=" " ind2=" " tag="959">
		<subfield code="a">NNU</subfield>
		<subfield code="b">WEB</subfield>
		<subfield code="c">GENI</subfield>
		<subfield code="t">0</subfield>
		<subfield code="m">Electronic access</subfield>
		<subfield code="s">01</subfield>
	</datafield>
	<datafield ind1=" " ind2=" " tag="999">
		<subfield code="i">LeBAU_b12454473</subfield>
		<subfield code="s">aub_aco004042</subfield>
		<subfield code="e">(ERROR-MISC)</subfield>
		<subfield code="s">aub_aco004042</subfield>
	</datafield>
</record>
